@article{behroozi2025sensitivity,
  title={Sensitivity-Constrained Fourier Neural Operators for Forward and Inverse Problems in Parametric Differential Equations},
  author={Behroozi, Abdolmehdi and Shen, Chaopeng and Kifer, Daniel},
  journal={arXiv preprint arXiv:2505.08740},
  year={2025}
}

@article{frame2024rapid,
  title={Rapid inundation mapping using the US National Water Model, satellite observations, and a convolutional neural network},
  author={Frame, Jonathan M and Nair, Tanya and Sunkara, Veda and Popien, Philip and Chakrabarti, Subit and Anderson, Tyler and Leach, Nicholas R and Doyle, Colin and Thomas, Mitchell and Tellman, Beth},
  journal={Geophysical Research Letters},
  volume={51},
  number={17},
  pages={e2024GL109424},
  year={2024},
  publisher={Wiley Online Library}
}

@book{wolfram2023second,
  title={The Second Law: Resolving the Mystery of the Second Law of Thermodynamics},
  author={Wolfram, Stephen},
  year={2023},
  publisher={Wolfram Media, Incorporated}
}